@misc{1,
  author       = {CoursTechInfo},
  title        = {Introduction au Langage Assembleur},
  url          = {https://courstechinfo.be/Programmation/IntroASM.html},
}

@misc{2,
  author       = {Mika56},
  title        = {CheatSheet ASM 8086},
  date         = {2013-02-13},
  url          = {https://cheatography.com/mika56/cheat-sheets/asm-8086/},
}


@misc{3,
  author       = {Filippo Valsorda},
  title        = {Searchable Linux Syscall Table},
  date         = {2013},
  url          = {https://filippo.io/linux-syscall-table/},
}

@misc{4,
  author       = {IT Tutorials},
  title        = {Python vs C/C++ vs Assembly side-by-side comparison},
  date         = {2024/04/16},
  url          = {https://www.youtube.com/watch?v=c-6SfKWmH0k},
}

@misc{5,
  author       = {Mr. MacKenty},
  title        = {Architecture of the central processing unit},
  date         = {Upload√© en 2016},
  url          = {https://computersciencewiki.org/index.php/Architecture_of_the_central_processing_unit_%28CPU%29},
}

@misc{6,
  author       = {EmbeddedWala},
  title        = {Harvard vs Von Neumann Architecture},
  date         = {2023/09/27},
  url          = {https://embeddedwala.com/Blogs/embeddedsystem/harvard-vs-von-neumann-architecture},
}
